<?xml version="1.0" encoding="UTF-8"?><collection xmlns="http://www.loc.gov/MARC21/slim"><record><leader>00690nam--2200193-i-4500</leader><controlfield tag="001">000014523</controlfield><controlfield tag="002">20161230</controlfield><controlfield tag="005">20161230201030</controlfield><controlfield tag="008">060222s1000------------r-----000-0-eng-d</controlfield><datafield ind1=" " ind2=" " tag="020"><subfield code="a">9027714886</subfield></datafield><datafield ind1=" " ind2=" " tag="040"><subfield code="a">IFIN-HH</subfield></datafield><datafield ind1=" " ind2=" " tag="080"><subfield code="a">539.192(061.3)</subfield></datafield><datafield ind1="1" ind2=" " tag="100"><subfield code="a">Weatherford, Charles A</subfield></datafield><datafield ind1="1" ind2="0" tag="245"><subfield code="a">Eto multicenter molecular integrals</subfield><subfield code="b">Proceedings of the first international conference held at florida a&amp;m university, tallahassee, florida, usa, august 3-6, 1981</subfield><subfield code="c">Charles a. weatherford, herbert w. jones (eds.)</subfield></datafield><datafield ind1=" " ind2=" " tag="260"><subfield code="a">Dordrecht</subfield><subfield code="b">D.Reidel Publishing Company</subfield><subfield code="c">1982</subfield></datafield><datafield ind1=" " ind2=" " tag="300"><subfield code="a">XV + 186P</subfield></datafield><datafield ind1="1" ind2=" " tag="700"><subfield code="a">Jones, Herbert W</subfield><subfield code="e">Ed</subfield></datafield><datafield ind1=" " ind2=" " tag="852"><subfield code="a">71227</subfield><subfield code="c">539.19</subfield></datafield><datafield ind1=" " ind2=" " tag="CAT"><subfield code="a">Sys</subfield><subfield code="c">20120717</subfield><subfield code="h">143247</subfield></datafield></record></collection>